<record><leader>01658pam a2200457 i 4500</leader><controlfield tag="001">6803147</controlfield><controlfield tag="003">OCoLC</controlfield><controlfield tag="005">20150127143909.0</controlfield><controlfield tag="008">140822s2015    mdu      b    001 0 eng  </controlfield><datafield ind1=" " ind2=" " tag="010"><subfield code="a">  2014031333</subfield></datafield><datafield ind1=" " ind2=" " tag="015"><subfield code="a">GBB4B9015</subfield><subfield code="2">bnb</subfield></datafield><datafield ind1="7" ind2=" " tag="016"><subfield code="a">016912410</subfield><subfield code="2">Uk</subfield></datafield><datafield ind1=" " ind2=" " tag="020"><subfield code="a">9780739198254 (hardcover : alk. paper)</subfield></datafield><datafield ind1=" " ind2=" " tag="020"><subfield code="a">0739198254 (hardcover : alk. paper)</subfield></datafield><datafield ind1=" " ind2=" " tag="020"><subfield code="z">9780739198261 (ebook)</subfield></datafield><datafield ind1="8" ind2=" " tag="024"><subfield code="a">40024292315</subfield></datafield><datafield ind1=" " ind2=" " tag="035"><subfield code="a">ocn887858787</subfield></datafield><datafield ind1=" " ind2=" " tag="040"><subfield code="a">DLC</subfield><subfield code="b">eng</subfield><subfield code="e">rda</subfield><subfield code="c">DLC</subfield><subfield code="d">BTCTA</subfield><subfield code="d">OCLCO</subfield><subfield code="d">UKMGB</subfield><subfield code="d">YDXCP</subfield><subfield code="d">EXW</subfield><subfield code="d">OCLCO</subfield><subfield code="d">YUS</subfield><subfield code="d">UAB</subfield><subfield code="d">AEU</subfield></datafield><datafield ind1=" " ind2=" " tag="042"><subfield code="a">pcc</subfield></datafield><datafield ind1="0" ind2="0" tag="050"><subfield code="a">HQ1236</subfield><subfield code="b">.R53 2014</subfield></datafield><datafield ind1="0" ind2="4" tag="050"><subfield code="a">HQ1236</subfield><subfield code="b">.R53 2015</subfield></datafield><datafield ind1="0" ind2="0" tag="082"><subfield code="a">320.082</subfield><subfield code="2">23</subfield></datafield><datafield ind1=" " ind2=" " tag="090"><subfield code="a">HQ 1236 R53 2015</subfield><subfield code="b">AEU</subfield></datafield><datafield ind1="1" ind2=" " tag="100"><subfield code="a">Richards, Rebecca S.,</subfield><subfield code="d">1978-</subfield><subfield code="e">author.</subfield></datafield><datafield ind1="1" ind2="0" tag="245"><subfield code="a">Transnational feminist rhetorics and gendered leadership in global politics :</subfield><subfield code="b">from daughters of destiny to iron ladies /</subfield><subfield code="c">Rebecca S. Richards.</subfield></datafield><datafield ind1=" " ind2="1" tag="264"><subfield code="a">Lanham :</subfield><subfield code="b">Lexington Books,</subfield><subfield code="c">[2015]</subfield></datafield><datafield ind1=" " ind2=" " tag="300"><subfield code="a">xxiii, 231 pages ;</subfield><subfield code="c">24 cm.</subfield></datafield><datafield ind1=" " ind2=" " tag="336"><subfield code="a">text</subfield><subfield code="b">txt</subfield><subfield code="2">rdacontent</subfield></datafield><datafield ind1=" " ind2=" " tag="337"><subfield code="a">unmediated</subfield><subfield code="b">n</subfield><subfield code="2">rdamedia</subfield></datafield><datafield ind1=" " ind2=" " tag="338"><subfield code="a">volume</subfield><subfield code="b">nc</subfield><subfield code="2">rdacarrier</subfield></datafield><datafield ind1="1" ind2=" " tag="490"><subfield code="a">Cultural studies/pedagogy/activism</subfield></datafield><datafield ind1=" " ind2=" " tag="504"><subfield code="a">Includes bibliographical references (pages 205-218) and index.</subfield></datafield><datafield ind1=" " ind2=" " tag="596"><subfield code="a">16</subfield></datafield><datafield ind1=" " ind2="0" tag="650"><subfield code="a">Women heads of state.</subfield></datafield><datafield ind1=" " ind2="0" tag="650"><subfield code="a">Women politicians.</subfield></datafield><datafield ind1=" " ind2="0" tag="650"><subfield code="a">Communication in politics.</subfield></datafield><datafield ind1=" " ind2="0" tag="650"><subfield code="a">Rhetoric</subfield><subfield code="x">Political aspects.</subfield></datafield><datafield ind1=" " ind2="0" tag="650"><subfield code="a">Feminism.</subfield></datafield><datafield ind1=" " ind2="0" tag="830"><subfield code="a">Cultural studies/pedagogy/activism.</subfield></datafield><datafield ind1=" " ind2=" " tag="949"><subfield code="a">HQ 1236 R53 2015</subfield><subfield code="c">1</subfield><subfield code="h">UAAU-B</subfield><subfield code="i">0162035234697</subfield></datafield><datafield ind1=" " ind2=" " tag="926"><subfield code="a">HQ 1236 R53 2015</subfield><subfield code="w">LC</subfield><subfield code="c">1</subfield><subfield code="i">0162035234697</subfield><subfield code="l">ON_SHELF</subfield><subfield code="m">UAAUG</subfield><subfield code="p">$150.00</subfield><subfield code="r">Y</subfield><subfield code="s">Y</subfield><subfield code="t">BOOK</subfield><subfield code="u">2/11/2015</subfield></datafield></record>